@misc{WintherI:2020,
	author = {Winther, Hans Arnold},
	title = {{Overview: Milestone I}},
    month = Jan,
	year = 2020,
    publisher    = {Universitet i Oslo},
	url = {http://folk.uio.no/hansw/AST5220/notes/milestone1.html},
    note = {Last accessed: 18.02.2020}
}

@misc{WintherIII:2020,
	author = {Winther, Hans Arnold},
	title = {{Overview: Milestone III}},
    month = Mar,
	year = 2020,
    publisher    = {Universitet i Oslo},
	url = {http://folk.uio.no/hansw/AST5220/notes/milestone3.html},
    note = {Last accessed: 26.04.2020}
}

@misc{Shen:2019,
	author = {Shen, Sijing},
	title = {{AST4320: Cosmology and Extragalactic Astrophysics}},
    month = aug,
	year = 2019,
    publisher    = {Universitet i Oslo},
	url = {https://www.dropbox.com/s/54oq0f97p3lvohl/AST4320Notes.pdf?dl=0},
    note = {Last accessed: 26.04.2020}
}

@misc{Baumann:2020,
	author = {Baumann, Daniel},
	title = {{Cosmology, Part III Mathematical Tripos}},
    month = Mar,
	year = 2020,
    publisher    = {University of Cambridge},
	url = {http://folk.uio.no/hansw/AST5220/notes/pdfs/baumann.pdf},
    note = {Last accessed: 26.04.2020}
}

@misc{Dodelson:1282338,
      author        = "Dodelson, Scott",
      title         = "{Modern cosmology}",
      publisher     = "Academic Press",
      address       = "San Diego, CA",
      year          = "2003"
}
@misc{WintherII:2020,
	author = {Winther, Hans Arnold},
	title = {{Overview: Milestone II}},
    month = Mar,
	year = 2020,
    publisher    = {Universitet i Oslo},
	url = {http://folk.uio.no/hansw/AST5220/notes/milestone2.html},
    note = {Last accessed: 23.03.2020}
}

@misc{TansemI:2020,
	author = {Tansem, Håkon},
	title = {{Milestone I: Computing the Hubble parameter and conformal time}},
    month = Feb,
	year = 2020,
    publisher    = {Independent},
	url = {https://github.com/hakontan/AST5220-Spring2020/blob/master/doc/milestoneI/milestone1.pdf},
    note = {Last accessed: 22.03.2020}
}
@misc{TansemII:2020,
	author = {Tansem, Håkon},
	title = {{Milestone II: Studying the recombination history of the universe.}},
    month = Mar,
	year = 2020,
    publisher    = {Independent},
	url = {https://github.com/hakontan/AST5220-Spring2020/blob/master/doc/milestoneII/milestone2.pdf},
    note = {Last accessed: 22.03.2020}
}


@misc{callin2006calculate,
    title={How to calculate the CMB spectrum},
    author={Petter Callin},
    year={2006},
    eprint={astro-ph/0606683},
    archivePrefix={arXiv},
    primaryClass={astro-ph}
}

@misc{lia_corrales_2015_15991,
author       = {Lia Corrales},
title        = {{dust: Calculate the intensity of dust scattering halos in the X-ray}},
month        = mar,
year         = 2015,
doi          = {10.5281/zenodo.15991},
version      = {1.0},
publisher    = {Zenodo},
url          = {https://doi.org/10.5281/zenodo.15991}
} 

@article{article,
author = {Callin, Petter},
year = {2006},
month = {07},
pages = {},
title = {How to calculate the CMB spectrum}
}
