@misc{Winther:2020,
	author = {Winther, Hans Arnold},
	title = {Overview: Milestone I},
	year = {2020},
	note = {\url{http://folk.uio.no/hansw/AST5220/notes/milestone1.html},
	Visited: 10.02.2020}
}

@misc{callin2006calculate,
    title={How to calculate the CMB spectrum},
    author={Petter Callin},
    year={2006},
    eprint={astro-ph/0606683},
    archivePrefix={arXiv},
    primaryClass={astro-ph}
}

